<record><leader>00000cas a22000007a 4500</leader><controlfield tag="001">40771107</controlfield><controlfield tag="008">990211d1902190utnuwr ne      0    0eng d</controlfield><datafield ind1=" " ind2=" " tag="010"><subfield code="a">sn 98069941 </subfield></datafield><datafield ind1=" " ind2=" " tag="040"><subfield code="a">TGN</subfield><subfield code="b">eng</subfield><subfield code="c">TGN</subfield><subfield code="d">OCLCQ</subfield><subfield code="d">OCLCF</subfield><subfield code="d">OCLCO</subfield></datafield><datafield ind1="1" ind2=" " tag="029"><subfield code="a">AU@</subfield><subfield code="b">000014546364</subfield></datafield><datafield ind1=" " ind2=" " tag="042"><subfield code="a">msc</subfield></datafield><datafield ind1="0" ind2="0" tag="245"><subfield code="a">Henderson headlight.</subfield></datafield><datafield ind1="1" ind2=" " tag="246"><subfield code="i">Colophon title:</subfield><subfield code="a">Headlight</subfield></datafield><datafield ind1=" " ind2=" " tag="260"><subfield code="a">Henderson, Tenn. :</subfield><subfield code="b">W. Forrest Jordan,</subfield><subfield code="c">1902-</subfield></datafield><datafield ind1=" " ind2=" " tag="300"><subfield code="a">v.</subfield></datafield><datafield ind1=" " ind2=" " tag="310"><subfield code="a">Weekly</subfield></datafield><datafield ind1="0" ind2=" " tag="362"><subfield code="a">Vol. 1, no. 1 (May 2, 1902)-</subfield></datafield><datafield ind1=" " ind2=" " tag="500"><subfield code="a">Publisher: Headlight Pub. Co., Jan. 23, 1903-</subfield></datafield><datafield ind1=" " ind2=" " tag="500"><subfield code="a">Editors: W. Forrest Jordan, May 2-Nov. 7, 1902; C.T. Crawford, Nov. 14, 1902-Jan. 16, 1903; Theo. W. Larwill, &lt;Jan. 23, 1903&gt;</subfield></datafield><datafield ind1=" " ind2="0" tag="651"><subfield code="a">Henderson (Tenn.)</subfield><subfield code="v">Newspapers.</subfield></datafield><datafield ind1=" " ind2="0" tag="651"><subfield code="a">Chester County (Tenn.)</subfield><subfield code="v">Newspapers.</subfield></datafield><datafield ind1=" " ind2="7" tag="655"><subfield code="a">Newspapers.</subfield><subfield code="2">fast</subfield><subfield code="0">(OCoLC)fst01423814</subfield></datafield><datafield ind1=" " ind2="7" tag="651"><subfield code="a">Tennessee</subfield><subfield code="z">Chester County.</subfield><subfield code="2">fast</subfield><subfield code="0">(OCoLC)fst01222610</subfield></datafield><datafield ind1=" " ind2="7" tag="651"><subfield code="a">Tennessee</subfield><subfield code="z">Henderson.</subfield><subfield code="2">fast</subfield><subfield code="0">(OCoLC)fst01226746</subfield></datafield><datafield ind1=" " ind2=" " tag="752"><subfield code="a">United States</subfield><subfield code="b">Tennessee</subfield><subfield code="c">Chester</subfield><subfield code="d">Henderson.</subfield></datafield></record>